<record><leader>00000cas a2200000 a 4500</leader><controlfield tag="001">17453668</controlfield><controlfield tag="007">hd afu---buuu</controlfield><controlfield tag="008">880209d18521870ncuwr n a     0    0eng c</controlfield><datafield ind1=" " ind2=" " tag="010"><subfield code="a">  2011229373</subfield></datafield><datafield ind1=" " ind2=" " tag="040"><subfield code="a">NGU</subfield><subfield code="b">eng</subfield><subfield code="c">NGU</subfield><subfield code="d">OCL</subfield><subfield code="d">OCLCQ</subfield><subfield code="d">NCECU</subfield><subfield code="d">OCLCQ</subfield><subfield code="d">FUG</subfield><subfield code="d">OCLCF</subfield><subfield code="d">OCLCQ</subfield></datafield><datafield ind1=" " ind2=" " tag="042"><subfield code="a">pcc</subfield></datafield><datafield ind1=" " ind2=" " tag="043"><subfield code="a">n-us-nc</subfield></datafield><datafield ind1="0" ind2=" " tag="130"><subfield code="a">Western democrat (Charlotte, N.C.)</subfield></datafield><datafield ind1="1" ind2="4" tag="245"><subfield code="a">The Western democrat.</subfield></datafield><datafield ind1=" " ind2=" " tag="260"><subfield code="a">Charlotte, N.C. :</subfield><subfield code="b">Rufus M. Herron</subfield></datafield><datafield ind1=" " ind2=" " tag="300"><subfield code="a">volumes ;</subfield><subfield code="c">61 cm</subfield></datafield><datafield ind1=" " ind2=" " tag="310"><subfield code="a">Weekly</subfield></datafield><datafield ind1=" " ind2=" " tag="336"><subfield code="a">text</subfield><subfield code="b">txt</subfield><subfield code="2">rdacontent</subfield></datafield><datafield ind1=" " ind2=" " tag="337"><subfield code="a">microform</subfield><subfield code="b">h</subfield><subfield code="2">rdamedia</subfield></datafield><datafield ind1=" " ind2=" " tag="338"><subfield code="a">microfilm reel</subfield><subfield code="b">hd</subfield><subfield code="2">rdacarrier</subfield></datafield><datafield ind1="0" ind2=" " tag="362"><subfield code="a">-v. 19, no. 948 (Nov. 15, 1870).</subfield></datafield><datafield ind1="1" ind2=" " tag="362"><subfield code="a">Began with July 10, 1852 issue.</subfield><subfield code="z">Cf. Gregory, W. Amer. newspapers.</subfield></datafield><datafield ind1=" " ind2=" " tag="500"><subfield code="a">Editors: Robert P. Waring; William J. Yates.</subfield></datafield><datafield ind1=" " ind2=" " tag="500"><subfield code="a">Democratic. Cf. Rowell, 1871.</subfield></datafield><datafield ind1=" " ind2=" " tag="500"><subfield code="a">Publisher varies.</subfield></datafield><datafield ind1=" " ind2=" " tag="588"><subfield code="a">Description based on: Vol. 1, no. 29? (Jan. 28, 1853).</subfield></datafield><datafield ind1=" " ind2=" " tag="533"><subfield code="a">Microfilm.</subfield><subfield code="m">1863:Jan. 6-1870:Nov. 15:[some issues missing].</subfield><subfield code="b">Raleigh, N.C. :</subfield><subfield code="c">North Carolina Department of Archives and History, Division of Archives and Manuscripts,</subfield><subfield code="d">1964.</subfield><subfield code="e">4 microfilm reels : positive ; 35 mm.</subfield><subfield code="n">Filmed with: The Charlotte democrat.</subfield></datafield><datafield ind1="2" ind2="0" tag="610"><subfield code="a">Democratic Party (N.C.)</subfield><subfield code="v">Newspapers.</subfield></datafield><datafield ind1="2" ind2="0" tag="610"><subfield code="a">Democratic Party (U.S.)</subfield><subfield code="v">Newspapers.</subfield></datafield><datafield ind1=" " ind2="0" tag="651"><subfield code="a">Charlotte (N.C.)</subfield><subfield code="v">Newspapers.</subfield></datafield><datafield ind1="2" ind2="7" tag="610"><subfield code="a">Democratic Party (N.C.)</subfield><subfield code="2">fast</subfield><subfield code="0">(OCoLC)fst00693459</subfield></datafield><datafield ind1="2" ind2="7" tag="610"><subfield code="a">Democratic Party (U.S.)</subfield><subfield code="2">fast</subfield><subfield code="0">(OCoLC)fst00532710</subfield></datafield><datafield ind1=" " ind2="7" tag="651"><subfield code="a">North Carolina</subfield><subfield code="z">Charlotte.</subfield><subfield code="2">fast</subfield><subfield code="0">(OCoLC)fst01204596</subfield></datafield><datafield ind1=" " ind2="7" tag="655"><subfield code="a">Newspapers.</subfield><subfield code="2">fast</subfield><subfield code="0">(OCoLC)fst01423814</subfield></datafield><datafield ind1=" " ind2=" " tag="752"><subfield code="a">United States</subfield><subfield code="b">North Carolina</subfield><subfield code="c">Mecklenburg</subfield><subfield code="d">Charlotte.</subfield></datafield><datafield ind1="0" ind2=" " tag="776"><subfield code="a">Western democrat (Charlotte, N.C.)</subfield><subfield code="w">(OCoLC)11446315</subfield></datafield><datafield ind1="0" ind2="0" tag="785"><subfield code="t">Charlotte democrat (Charlotte, N.C. : 1870)</subfield><subfield code="w">(OCoLC)17453659</subfield></datafield></record>